%%%%
% Overview
%%%%
@ARTICLE{BespalovTalanov1966,
  author = "Беспалов, В.И. and Таланов, В.И.",
  title = "О нитевидной структуре пучков света в нелинейных жидкостях",
  journal = "Письма в ЖЭТФ",
  volume = "3",
  number = "11",
  pages = "471--476",
  year = "1966",
  language = "russian"
}
@ARTICLE{Askaryan1962,
  author = "Аскарьян, Г.А.",
  title = "Воздействие градиента поля интенсивного электромагнитного луча на электроны и атомы",
  journal = "ЖЭТФ",
  volume = "42",
  number = "6",
  pages = "1567--1570",
  year = "1962",
  language = "russian"
}
@ARTICLE{PilipetskiyRustamov1965,
  author = "Пилипецкий, Н.Ф. and Рустамов, А.Р.",
  title = "Наблюдение самофокусировки света в жидкостях",
  journal = "Письма в ЖЭТФ",
  volume = "2",
  number = "2",
  pages = "88--90",
  year = "1965",
  language = "russian"
}
@ARTICLE{KandidovShlenovKosarevaReview2009,
  author = "Кандидов, В.П. and Шлёнов, С.А. and Косарева, О.Г.",
  title = "Филаментация мощного фемтосекундного лазерного излучения",
  journal = "Квант. электроника",
  volume = "39",
  number = "3",
  pages = "205--228",
  year = "2009",
  language = "russian"
}
@ARTICLE{RohwetterMejeanStelmaszczyk2004,
  author = "Rohwetter, Ph. and Yu, J. and Mejean, G. and Stelmaszczyk, K.",
  title = "Remote {LIBS} with ultrashort pulses: characteristics in picosecond and femtosecond regimes",
  journal = "J. Anal. At. Spectrom.",
  volume = "19",
  number = "4",
  pages = "437--444",
  year = "2004"
}
@ARTICLE{FibichSivanEhlrich2006,
  author = "Fibich, G. and Sivan, Y. and Ehlrich, Y. and others",
  title = "Control of the collapse distance in atmospheric propagation",
  journal = "Opt. Express",
  volume = "14",
  number = "12",
  pages = "4946--4957",
  year = "2006"
}
@ARTICLE{CenturionPuTsangPsaltis2005,
  author = "Centurion, Martin and Pu, Ye and Tsang, Mankei and Psaltis, Demetri",
  title = "Dynamics of filament formation in a Kerr medium",
  journal = "Phys. Rev. A",
  volume = "71",
  number = "6",
  pages = "063811--063818",
  year = "2005"
}
@ARTICLE{KandidovFedorov2004,
  author = "Кандидов, В.П. and Фёдоров, В.Ю.",
  title = "Свойства самофокусировки эллиптических пучков",
  journal = "Квант. электроника",
  volume = "34",
  number = "12",
  pages = "1163--1168",
  year = "2004",
  language = "russian"
}
@ARTICLE{GrowIshaayaVuong2006,
  author = {Grow, Taylor D. and Ishaaya, Amiel A. and Vuong, Luat T. and Gaeta, Alexander L. and Gavish, Nir and Fibich, Gadi},
  title = {Collapse dynamics of super-Gaussian Beams},
  journal = {Opt. Express},
  volume = {14},
  number = {12},
  pages = {5468--5475},
  year = {2006}
}
@INPROCEEDINGS{PanovKosarevaKandidov2006,
  author = "Panov, N.A. and Kosareva, O.G. and Kandidov, V.P.",
  title = "Regularization of multiple filaments in atmospheric turbulence",
  booktitle = "ICONO 2005: Nonlinear Space-Time Dynamics",
  journal = "Proc. of SPIE",
  editor = "Nikolai Rosanov and Stephano Trillo",
  volume = "6255",
  pages = "212--218",
  year = "2006"
}
@ARTICLE{TingTing2006,
  author = "Xi, Ting-Ting and Lu, Xin and Zhang, Jie",
  title = "Interaction of light filaments generated by femtosecond laser pulses in air",
  journal = "Phys. Rev. Lett.",
  volume = "96",
  number = "2",
  pages = "025003~1--4",
  year = "2006"
}
@ARTICLE{FedorovKandidovDifferentWavelengths2008,
  author = "Fedorov, V.Yu. and Kandidov, V.P.",
  title = "Interaction/laser radiation with matter filamentation of laser pulses with different wavelengths in air",
  journal = "Laser Physics",
  volume = "18",
  number = "12",
  pages = "1530--1538",
  year = "2008"
}
@ARTICLE{FedorovKandidovAirN22008,
  author = "Федоров, В.Ю. and Кандидов, В.П.",
  title = "Нелинейно-оптическая модель воздушной среды в задаче о филаментации фемтосекундных лазерных импульсов различной длины волны",
  journal = "Оптика и спектроскопия",
  volume = "105",
  number = "2",
  pages = "291--298",
  year = "2008",
  language = "russian"
}
@ARTICLE{BrookhavenCO2,
  author = "Pogorelskya, I. and Ben-Zvia, I. and Kimurab, W.D. and Kurnitc, N.A. and Kannarid, F.",
  title = "Picosecond {$CO_2$} laser for relativistic particle acceleration",
  journal = "Infrared Physics and Technology",
  volume = "36",
  number = "1",
  pages = "341--354",
  year = "1995"
}
@INPROCEEDINGS{PicosecondAmplifier2007,
  author = "Botha, L.R. and {van Heerden}, S.P. and Prinsloo, F.J.",
  title = "Picosecond mid-infrared amplifier for high average power",
  booktitle = "XVI International Symposium on Gas Flow, Chemical Lasers, and High-Power Lasers",
  journal = "Proc. of SPIE",
  editor = "Dieter Schuöcker",
  volume = "6346",
  pages = "63463B~1--7",
  year = "2007"
}
@INPROCEEDINGS{TerawattCO2laser2006,
  author = "Igor Pogorelsky and Markus Babzien and Igor Pavlishin and Daniil Stolyarov and Vitaly Yakimenko and Peter Shkolnikov and Alexander Pukhov and others",
  title = "Terawatt {$CO_2$} laser: a new tool for strong-field research",
  booktitle = "High-Power Laser Ablation VI",
  journal = "Proc. of SPIE",
  editor = "Claude R. Phipps",
  volume = "6261",
  pages="626118~1--12",
  year = "2006"
}
@ARTICLE{BaranovKuchinskiyTomashevich2008,
  author = "Баранов, Г.А. and Кучинский, А.А. and Томашевич, П.В.",
  title = "Широкоапертурный {$CO_2$}-усилитель сверхатмосферного давления с накачкой объемным самостоятельным разрядом",
  journal = "Журнал технической физики",
  volume = "78",
  number = "10",
  pages = "53--58",
  year = "2008",
  language = "russian"
}
@ARTICLE{HaberbergerTochitskyJoshi2010,
  author = "Haberberger, D. and Tochitsky, S. and Joshi, C.",
  title = "Fifteen terawatt picosecond {$CO_2$} laser system",
  journal = "Opt. Express",
  volume = "18",
  number = "17",
  pages = "17865--17875",
  year = "2010"
}
%%%%
% Model section
%%%%
@BOOK{AkhmanovVislouhChirkin,
  author = "Ахманов, С.А. and Выслоух, В.А. and Чиркин, А.С.",
  title = "Оптика фемтосекундных лазерных импульсов",
  publisher = "М.: Наука",
  pages = "310",
  year = "1988",
  language = "russian"
}
@BOOK{VinogradovaRudenkoSuhorukov,
  author = "Виноградова, М.Б. and Руденко, О.В. and Сухоруков, А.П.",
  title = "Теория волн, 2-е изд.",
  publisher = "М.: Наука",
  pages = "432",
  year = "1990",
  language = "russian"
}
@ARTICLE{AndrianovKandidovkosareva2002,
  author = "Андрианов, К.Ю. and Кандидов, В.П. and Косарева, О.Г. and Чин, С.Л. and others",
  title = "Влияние качества пучка на филаментацию мощного фемтосекундного лазерного импульса в воздухе",
  journal = "Известия РАН, Серия физическая",
  volume = "66",
  number = "8",
  pages = "1091--1102",
  year = "2002",
  language = "russian"
}
@ARTICLE{Keldysh1964,
  author = "Келдыш, Л.В.",
  title = "Ионизация в поле сильной электромагнитной волны",
  journal = "ЖЭТФ",
  volume = "47",
  number = "5",
  pages = "1945--1956",
  year = "1964",
  language = "russian"
}
@ARTICLE{PPT1966,
  author = "Переломов, А.М. and Попов, В.С. and Терентьев, М.В.",
  title = "Ионизация атомов в переменном электрическом поле",
  journal = "ЖЭТФ",
  volume = "50",
  number = "1",
  pages = "309–-326",
  year = "1966",
  language = "russian"
}
@ARTICLE{ADK1986,
  author = "Аммосов, М.В. and Делоне, Н.Б. and Крайнов, В.П.",
  title = "Туннельная ионизация сложных атомов и атомарных ионов в переменном электромагнитном поле",
  journal = "ЖЭТФ",
  volume = "91",
  number = "6",
  pages = "2008--2013",
  year = "1986",
  language = "russian"
}
@ARTICLE{Popov2004,
  author = "Попов, В.С.",
  title = "Туннельная и многофотонная ионизация атомов и ионов в сильном лазерном поле (теория Келдыша)",
  journal = "Успехи физических наук",
  volume = "174",
  number = "9",
  pages = "921–-951",
  year = "2004",
  language = "russian"
}
@ARTICLE{DawestMarburger1969,
  author = "Dawest, L.W. and Marburger, J.H.",
  title = "Computer Studies in Self-focucing",
  journal = "Phys. Rev.",
  volume = "179",
  number = "3",
  pages = "862--868",
  year = "1969"
}
@ARTICLE{ChiaoGarmireTownes1964,
  author = "Chiao, R.Y. and Garmire, E. and Townes, C.H.",
  title = "Self-trapping of optical beams",
  journal = "Phys. Rev. Lett.",
  volume = "13",
  number = "15",
  pages = "479--480",
  year = "1964"
}
%%%%
% Beams section
%%%%
@ARTICLE{KandidovKorolkov1998,
  author = "Кандидов, В.П. and Корольков, А.М.",
  title = "Эффект Тальбо и его демонстрация в курсе общей физики",
  journal = "Физическое образование в вузах",
  volume = "4",
  number = "3",
  pages = "99--104",
  year = "1998",
  language = "russian"
}
@ARTICLE{ShlenovKandidovTurbulence2004,
  author = "Шлёнов, С.А. and Кандидов, В.П.",
  title = "Формирование пучка филаментов при распространении фемтосекундного лазерного импульса в турбулентной атмосфере",
  journal = "Оптика атмосферы и океана",
  volume = "17",
  number = "8",
  pages = "630--641",
  year = "2004",
  language = "russian"
}
@INPROCEEDINGS{Efimov2009,
  author = "Ефимов, О.В.",
  title = "Численное моделирование распространения световых импульсов с регулярной поперечной структурой в среде с Керровской нелинейностью",
  booktitle = "Труды Шестой международной конференции молодых ученых и специалистов <<Оптика-2009>> (Санкт-Петербург, Россия, 19–23 октября 2009)",
  pages = "26--28",
  year = "2009",
  language = "russian"
}
@INPROCEEDINGS{ShlenovDergachevEfimov2009,
  author = "Shlenov, S.A. and Dergachev, A.A. and Efimov, O.V.",
  title = "Filamentation of powerful femtosecond laser pulses with regular and random perturbations in their cross-section",
  booktitle = "The 4th Finnish-Russian Photonics and Laser Symposium – PALS 2009, Tampere, Finland, May 24-27, 2009",
  pages = "67--68",
  year = "2009"
}
%%%%
% Pulses section
%%%%
@PHDTHESIS{FedorovPhD2010,
  author = "Фёдоров, В.Ю.",
  title = "Влияние параметров фемтосекундного лазерного импульса на филаментацию в атмосфере",
  school = "МГУ им. М.В.Ломоносова",
  year = "2010",
  language = "russian"
}
%%%%
% Appendices
%%%%
@ARTICLE{EgorovKandidovLedenev1982,
  author = "Егоров, К.Д. and Кандидов, В.П. and Леденев, В.И.",
  title = "Вариационно-разностная схема в задаче самовоздействия волновых пучков",
  journal = "Журнал вычислительной математики и математической физики",
  volume = "22",
  number = "2",
  pages = "382-389",
  year = "1982",
  language = "russian"
}
@BOOK{BahvalovChM,
  author = "Бахвалов, Н.С. and Жидков, Н.П. and Кобельков, Г.М.",
  title = "Численные методы",
  publisher = "М.: Бином. Лаборатория знаний",
  pages = "630",
  year = "2008",
  language = "russian"
}
@BOOK{KalitkinChM,
  author = "Калиткин, Н.Н.",
  title = "Численные методы",
  publisher = "М.: Наука",
  pages = "512",
  year = "1978",
  language = "russian"
}
@ARTICLE{Dyshko1968,
  author = "Дышко, А.Л.",
  title = "Разностный метод решения распространения светового луча в нелинейной среде",
  journal = "Журнал вычислительной математики и математической физики",
  volume = "8",
  number = "1",
  pages = "238--242",
  year = "1968",
  language = "russian"
}
@MISC{FFTW,
  title = "{FFTW} web-page",
  url = "http://fftw.org"
}
% This is the main paper describing FFTW 1
@INPROCEEDINGS{FFTW1_98,
  author = "Frigo, Matteo and Johnson, Steven G.",
  title = "{FFTW}: An adaptive software architecture for the FFT",
  booktitle = "Proc. of the 1998 IEEE Intl. Conf. on Acoustics Speech and Signal Processing",
  volume = "3",
  pages = "1381--1384",
  year = "1998"
}
% This paper describes the codelet generator introduced in FFTW 2
@INPROCEEDINGS{FFTW2_Generator_99,
  author = "Frigo, Matteo",
  title = "A fast Fourier transform compiler",
  booktitle = "Proc. of the 1999 ACM SIGPLAN Conf. on Programming Language Design and Implementation",
  volume = "34",
  pages = "169--180",
  year = "1999"
}

